
@article{hu2021lora,
  title={LoRA: Low-Rank Adaptation of Large Language Models},
  author={Hu, Edward J. and Shen, Yelong and Wallis, Phillip and Allen-Zhu, Zeyuan and Li, Yuanzhi and Wang, Shean and Wang, Lu and Chen, Weizhu},
  journal={arXiv preprint arXiv:2106.09685},
  version={2},
  year={2021},
  url={https://arxiv.org/abs/2106.09685},
  doi={10.48550/arXiv.2106.09685},
}


@article{liu2022fewshot,
  title={Few-Shot Parameter-Efficient Fine-Tuning is Better and Cheaper than In-Context Learning},
  author={Liu, Haokun and Tam, Derek and Muqeeth, Mohammed and Mohta, Jay and Huang, Tenghao and Bansal, Mohit and Raffel, Colin},
  journal={arXiv preprint arXiv:2205.05638},
  version={2},
  year={2022},
  url={https://arxiv.org/abs/2205.05638},
  doi={10.48550/arXiv.2205.05638},
}


@inproceedings{deng-etal-2022-cold,
    title = "{COLD}: A Benchmark for {C}hinese Offensive Language Detection",
    author = "Deng, Jiawen  and
      Zhou, Jingyan  and
      Sun, Hao  and
      Zheng, Chujie  and
      Mi, Fei  and
      Meng, Helen  and
      Huang, Minlie",
    booktitle = "Proceedings of the 2022 Conference on Empirical Methods in Natural Language Processing",
    month = dec,
    year = "2022",
    address = "Abu Dhabi, United Arab Emirates",
    publisher = "Association for Computational Linguistics",
    url = "https://aclanthology.org/2022.emnlp-main.796",
    pages = "11580--11599",
}

@inproceedings{waseem2016racist,
  title={Are you a racist or am I seeing things? Annotator influence on hate speech detection on Twitter},
  author={Waseem, Zeerak},
  booktitle={Proceedings of the First Workshop on NLP and Computational Social Science},
  pages={138--142},
  year={2016},
}

@inproceedings{nobata2016abusive,
  title={Abusive language detection in online user content},
  author={Nobata, Chikashi and Tetreault, Joel and Thomas, Achint and Mehdad, Yashar and Chang, Yi},
  booktitle={Proceedings of the 25th International Conference on World Wide Web},
  pages={145--153},
  year={2016},
}

@inproceedings{kim2014convolutional,
  title={Convolutional neural networks for sentence classification},
  author={Kim, Yoon},
  booktitle={Proceedings of the 2014 Conference on Empirical Methods in Natural Language Processing (EMNLP)},
  pages={1746--1751},
  year={2014},
  address={Doha, Qatar},
  publisher={Association for Computational Linguistics},
}


@inproceedings{basile-etal-2019-semeval,
    title = "{S}em{E}val-2019 Task 5: Multilingual Detection of Hate Speech Against Immigrants and Women in {T}witter",
    author = "Basile, Valerio  and
      Bosco, Cristina  and
      Fersini, Elisabetta  and
      Nozza, Debora  and
      Patti, Viviana  and
      Rangel Pardo, Francisco Manuel  and
      Rosso, Paolo  and
      Sanguinetti, Manuela",
    booktitle = "Proceedings of the 13th International Workshop on Semantic Evaluation",
    month = jun,
    year = "2019",
    address = "Minneapolis, Minnesota, USA",
    publisher = "Association for Computational Linguistics",
    url = "https://aclanthology.org/S19-2007",
    doi = "10.18653/v1/S19-2007",
    pages = "54--63",
}


@inproceedings{zimmerman2018improving,
  title={Improving hate speech detection with deep learning ensembles},
  author={Zimmerman, Scott and Kruschwitz, Udo and Fox, Chris},
  booktitle={Proceedings of the Eleventh International Conference on Language Resources and Evaluation (LREC 2018)},
  pages={2546--2553},
  year={2018},
  address={Miyazaki, Japan},
  publisher={European Language Resources Association (ELRA)},
}


@inproceedings{vaswani2017attention,
  title={Attention is all you need},
  author={Vaswani, Ashish and Shazeer, Noam and Parmar, Niki and Uszkoreit, Jakob and Jones, Llion and Gomez, Aidan N. and Kaiser, {\L}ukasz and Polosukhin, Illia},
  booktitle={Advances in Neural Information Processing Systems},
  volume={30},
  pages={5998--6008},
  year={2017},
  publisher={Curran Associates, Inc.},
}

@inproceedings{alvarez2018overview,
  title={Overview of MEX-A3T at IberEval 2018: Authorship and aggressiveness analysis in Mexican Spanish tweets},
  author={{\'A}lvarez-Carmona, Miguel {\'A} and Guzm{\'a}n-Falc{\'o}n, Estefan{\i}a and Montes-y G{\'o}mez, Manuel and Escalante, Hugo Jair and Villasenor-Pineda, Luis and Reyes-Meza, Ver{\'o}nica and Rico-Sulayes, Antonio},
  booktitle={Notebook papers of 3rd sepln workshop on evaluation of human language technologies for iberian languages (ibereval), seville, spain},
  volume={6},
  year={2018}
}


@article{toraman2022large,
  title={Large-scale hate speech detection with cross-domain transfer},
  author={Toraman, Cagri and {\c{S}}ahinu{\c{c}}, Furkan and Y{\i}lmaz, Eyup Halit},
  journal={arXiv preprint arXiv:2203.01111},
  year={2022}
}

@inproceedings{li2021prefixtuning,
  title={Prefix-Tuning: Optimizing Continuous Prompts for Generation},
  author={Li, Xiang Lisa and Liang, Percy},
  booktitle={Proceedings of the 59th Annual Meeting of the Association for Computational Linguistics and the 11th International Joint Conference on Natural Language Processing (Volume 1: Long Papers)},
  pages={4582--4597},
  year={2021},
  address={Online},
  publisher={Association for Computational Linguistics},
}


@misc{zhang2023llamaadapter,
  title={LLaMA-Adapter: Efficient Fine-tuning of Language Models with Zero-init Attention},
  author={Renrui Zhang and Jiaming Han and Aojun Zhou and Xiangfei Hu and Shilin Yan and Pan Lu and Hongsheng Li and Peng Gao and Yu Qiao},
  year={2023},
  eprint={2303.16199},
  archivePrefix={arXiv},
  primaryClass={cs.CV},
  doi={10.48550/arXiv.2303.16199},
  note={arXiv:2303.16199v1},
  url={https://doi.org/10.48550/arXiv.2303.16199}
}

@misc{conneau2019unsupervised,
  title={Unsupervised Cross-lingual Representation Learning at Scale},
  author={Alexis Conneau and Kartikay Khandelwal and Naman Goyal and Vishrav Chaudhary and Guillaume Wenzek and Francisco Guzm√°n and Edouard Grave and Myle Ott and Luke Zettlemoyer and Veselin Stoyanov},
  year={2019},
  eprint={1911.02116},
  archivePrefix={arXiv},
  primaryClass={cs.CL},
  doi={10.48550/arXiv.1911.02116},
  note={arXiv:1911.02116v2},
  url={https://doi.org/10.48550/arXiv.1911.02116}
}


@inproceedings{devlin2019bert,
  title={BERT: Pre-training of Deep Bidirectional Transformers for Language Understanding},
  author={Devlin, Jacob and Chang, Ming-Wei and Lee, Kenton and Toutanova, Kristina},
  booktitle={Proceedings of the 2019 Conference of the North American Chapter of the Association for Computational Linguistics: Human Language Technologies, Volume 1 (Long and Short Papers)},
  pages={4171--4186},
  year={2019},
  organization={Association for Computational Linguistics}
}

@misc{mathew2020hatexplain,
      title={HateXplain: A Benchmark Dataset for Explainable Hate Speech Detection}, 
      author={Binny Mathew and Punyajoy Saha and Seid Muhie Yimam and Chris Biemann and Pawan Goyal and Animesh Mukherjee},
      year={2020},
      eprint={2012.10289},
      archivePrefix={arXiv},
      primaryClass={cs.CL},
      url={https://doi.org/10.48550/arXiv.2012.10289}

}
 @misc{wajid_hassan_moosa_najiba_2022,
	title={Multi-lingual HateSpeech Dataset},
        author={Wajid,Hassan,Moosa,Najiba},
	url={https://www.kaggle.com/ds/2260058},
	DOI={10.34740/KAGGLE/DS/2260058}
        
     }